% Encoding: UTF-8

@Article{Hurvich1991,
  author    = {Hurvich, Clifford M and Tsai, Chih-Ling},
  journal   = {Biometrika},
  title     = {Bias of the corrected {AIC} criterion for underfitted regression and time series models},
  year      = {1991},
  pages     = {499--509},
  volume    = {78},
  publisher = {Oxford University Press},
}

@Article{Taddy2017,
  author    = {Taddy, Matt},
  journal   = {Journal of Computational and Graphical Statistics},
  title     = {One-step estimator paths for concave regularization},
  year      = {2017},
  pages     = {525--536},
  volume    = {26},
  publisher = {Taylor \& Francis},
}

@Article{baraud2009gaussian,
  author    = {Baraud, Yannick and Giraud, Christophe and Huet, Sylvie},
  journal   = {The Annals of Statistics},
  title     = {Gaussian model selection with an unknown variance},
  year      = {2009},
  pages     = {630--672},
  volume    = {37},
  publisher = {Institute of Mathematical Statistics},
}

@Article{hurvich1989regression,
  author    = {Hurvich, Clifford M and Tsai, Chih-Ling},
  journal   = {Biometrika},
  title     = {Regression and time series model selection in small samples},
  year      = {1989},
  pages     = {297--307},
  volume    = {76},
  publisher = {Oxford University Press},
}

@InProceedings{Akaike1973,
  author    = {Akaike, Hirotogu},
  booktitle = {2nd International Symposium on Information Theory},
  title     = {Information theory and an extension of the maximum likelihood principle},
  year      = {1973},
  address   = {Budapest, Hungary, 267-281},
  editor    = {BN Petrov; F Csaki},
  publisher = {Akadémiai Kiadó, Budapest},
}

@Article{shibata1980asymptotically,
  author    = {Shibata, Ritei},
  journal   = {The annals of statistics},
  title     = {Asymptotically efficient selection of the order of the model for estimating parameters of a linear process},
  year      = {1980},
  pages     = {147--164},
  publisher = {JSTOR},
}

@Book{Greene2003Econometric,
  author    = {Greene, William H.},
  publisher = {Prentice Hall},
  title     = {Econometric Analysis},
  year      = {2011},
  address   = {Upper Saddle River, NJ},
  edition   = {Seventh},
}

@Article{craig1943note,
  author    = {Craig, Allen T},
  journal   = {The Annals of Mathematical Statistics},
  title     = {Note on the independence of certain quadratic forms},
  year      = {1943},
  pages     = {195--197},
  volume    = {14},
  publisher = {JSTOR},
}

@Article{sugiura1978further,
  author    = {Sugiura, Nariaki},
  journal   = {Communications in Statistics-Theory and Methods},
  title     = {Further analysts of the data by {A}kaike's information criterion and the finite corrections},
  year      = {1978},
  pages     = {13--26},
  volume    = {7},
  publisher = {Taylor \& Francis},
}

@Article{efron2004estimation,
  author    = {Efron, Bradley},
  journal   = {Journal of the American Statistical Association},
  title     = {The estimation of prediction error: covariance penalties and cross-validation},
  year      = {2004},
  pages     = {619--632},
  volume    = {99},
  publisher = {Taylor \& Francis},
}

@Article{efron1986biased,
  author    = {Efron, Bradley},
  journal   = {Journal of the American Statistical Association},
  title     = {How biased is the apparent error rate of a prediction rule?},
  year      = {1986},
  pages     = {461--470},
  volume    = {81},
  publisher = {Taylor \& Francis},
}

@Article{rosset2020fixed,
  author    = {Rosset, Saharon and Tibshirani, Ryan J},
  journal   = {Journal of the American Statistical Association},
  title     = {From fixed-{X} to random-{X} regression: Bias-variance decompositions, covariance penalties, and prediction error estimation},
  year      = {2020},
  pages     = {138--151},
  volume    = {115},
  publisher = {Taylor \& Francis},
}

@Article{mallows1973some,
  author    = {Mallows, Colin L},
  journal   = {Technometrics},
  title     = {Some comments on {C}p},
  year      = {1973},
  pages     = {661--675},
  volume    = {15},
  publisher = {Taylor \& Francis Group},
}

@Article{breiman1992submodel,
  author    = {Breiman, Leo and Spector, Philip},
  journal   = {International Statistical Review},
  title     = {Submodel selection and evaluation in regression. {T}he {X}-random case},
  year      = {1992},
  pages     = {291--319},
  volume    = {6},
  publisher = {JSTOR},
}

@Article{tian2019use,
  author  = {Tian, Sen and Hurvich, Clifford M and Simonoff, Jeffrey S},
  journal = {arXiv preprint arXiv:1911.10191},
  title   = {On the use of information criteria for subset selection in least squares regression},
  year    = {2019},
}

@Article{ye1998measuring,
  author    = {Ye, Jianming},
  journal   = {Journal of the American Statistical Association},
  title     = {On measuring and correcting the effects of data mining and model selection},
  year      = {1998},
  pages     = {120--131},
  volume    = {93},
  publisher = {Taylor \& Francis},
}

@Article{leeb2008evaluation,
  author    = {Leeb, Hannes},
  journal   = {Bernoulli},
  title     = {Evaluation and selection of models for out-of-sample prediction when the sample size is small relative to the complexity of the data-generating process},
  year      = {2008},
  pages     = {661--690},
  volume    = {14},
  publisher = {Bernoulli Society for Mathematical Statistics and Probability},
}

@Article{zhang2015cross,
  author    = {Zhang, Yongli and Yang, Yuhong},
  journal   = {Journal of Econometrics},
  title     = {Cross-validation for selecting a model selection procedure},
  year      = {2015},
  pages     = {95--112},
  volume    = {187},
  publisher = {Elsevier},
}

@Article{tukey1967discussion,
  author  = {Tukey, John W},
  journal = {J. Roy. Statist. Soc. Ser. B},
  title   = {Discussion of ‘{T}opics in the investigation of linear relations fitted by the method of least squares’ by {FJ Anscombe}},
  year    = {1967},
  pages   = {47--48},
  volume  = {29},
}

@Article{craven1978smoothing,
  author    = {Craven, Peter and Wahba, Grace},
  journal   = {Numerische Mathematik},
  title     = {Smoothing noisy data with spline functions},
  year      = {1978},
  pages     = {377--403},
  volume    = {31},
  publisher = {Springer},
}

@Article{hastie2017extended,
  author  = {Hastie, Trevor and Tibshirani, Robert and Tibshirani, Ryan J},
  journal = {arXiv preprint arXiv:1707.08692},
  title   = {Extended comparisons of best subset selection, forward stepwise selection, and the lasso},
  year    = {2017},
}

@Article{burman1989comparative,
  author    = {Burman, Prabir},
  journal   = {Biometrika},
  title     = {A comparative study of ordinary cross-validation, v-fold cross-validation and the repeated learning-testing methods},
  year      = {1989},
  pages     = {503--514},
  volume    = {76},
  publisher = {Oxford University Press},
}

@Book{konishi2008information,
  author    = {Konishi, Sadanori and Kitagawa, Genshiro},
  publisher = {Springer Science \& Business Media},
  title     = {Information Criteria and Statistical Modeling},
  year      = {2008},
  address   = {New York},
}

@Article{rigollet2015high,
  author  = {Rigollet, Phillippe and H{\"u}tter, Jan-Christian},
  journal = {Lecture notes for course 18S997},
  title   = {High dimensional statistics},
  year    = {2015},
}

@Book{hastie2009elements,
  author    = {Hastie, Trevor and Tibshirani, Robert and Friedman, Jerome},
  publisher = {Springer Science \& Business Media},
  title     = {The Elements of Statistical Learning: Data Mining, Inference, and Prediction},
  year      = {2009},
  address   = {New York},
}

@Article{allen1974relationship,
  author    = {Allen, David M},
  journal   = {Technometrics},
  title     = {The relationship between variable selection and data agumentation and a method for prediction},
  year      = {1974},
  pages     = {125--127},
  volume    = {16},
  publisher = {Taylor \& Francis},
}

@Book{linhart1986model,
  author    = {Linhart, Heinz and Zucchini, Walter},
  publisher = {John Wiley \& Sons},
  title     = {Model Selection},
  year      = {1986},
  address   = {New York},
}

@Article{tarpey2000note,
  author    = {Tarpey, Thaddeus},
  journal   = {The American Statistician},
  title     = {A note on the prediction sum of squares statistic for restricted least squares},
  year      = {2000},
  pages     = {116--118},
  volume    = {54},
  publisher = {Taylor \& Francis},
}

@Article{schwarz1978estimating,
  author    = {Schwarz, Gideon},
  journal   = {The Annals of Statistics},
  title     = {Estimating the dimension of a model},
  year      = {1978},
  pages     = {461--464},
  volume    = {6},
  publisher = {Institute of Mathematical Statistics},
}

@Article{Thompson1978a,
  author    = {Thompson, Mary L},
  journal   = {International Statistical Review},
  title     = {Selection of variables in multiple regression: Part {I}. {A} review and evaluation},
  year      = {1978},
  pages     = {1--19},
  volume    = {46},
  publisher = {JSTOR},
}

@Article{Thompson1978b,
  author    = {Thompson, Mary L},
  journal   = {International Statistical Review},
  title     = {Selection of variables in multiple regression: Part {II}. {C}hosen procedures, computations and examples},
  year      = {1978},
  pages     = {129--146},
  volume    = {46},
  publisher = {JSTOR},
}

@Article{hocking1976biometrics,
  author    = {Hocking, Ronald R},
  journal   = {Biometrics},
  title     = {The Analysis and Selection of Variables in Linear Regression},
  year      = {1976},
  pages     = {1--49},
  volume    = {32},
  publisher = {JSTOR},
}

@Article{findley1995conversation,
  author    = {Findley, David F and Parzen, Emanuel},
  journal   = {Statistical Science},
  title     = {A conversation with {H}irotugu {A}kaike},
  year      = {1995},
  pages     = {104-117},
  volume    = {10},
  publisher = {Springer},
}

@TechReport{sclove1969criteria,
  author  = {Sclove, Stanley L},
  title   = {On criteria for choosing a regression equation for prediction},
  year    = {1969},
  address = {Department of Statistics, Carnegie-Mellon University},
  number  = {No. 28},
}

@Article{hurvich1998smoothing,
  author    = {Hurvich, Clifford M and Simonoff, Jeffrey S and Tsai, Chih-Ling},
  journal   = {Journal of the Royal Statistical Society: Series B (Statistical Methodology)},
  title     = {Smoothing parameter selection in nonparametric regression using an improved {A}kaike information criterion},
  year      = {1998},
  pages     = {271--293},
  volume    = {60},
  publisher = {Wiley Online Library},
}

@Article{hall1991local,
  author    = {Hall, Peter and Marron, James S},
  journal   = {Journal of the Royal Statistical Society: Series B (Methodological)},
  title     = {Local minima in cross-validation functions},
  year      = {1991},
  pages     = {245--252},
  volume    = {53},
  publisher = {Wiley Online Library},
}

@Article{scott1987biased,
  author    = {Scott, David W and Terrell, George R},
  journal   = {Journal of the American Statistical Association},
  title     = {Biased and unbiased cross-validation in density estimation},
  year      = {1987},
  pages     = {1131--1146},
  volume    = {82},
  publisher = {Taylor \& Francis},
}

@Article{akaike1969fitting,
  author    = {Akaike, Hirotugu},
  journal   = {Annals of the Institute of Statistical Mathematics},
  title     = {Fitting autoregressive models for prediction},
  year      = {1969},
  pages     = {243--247},
  volume    = {21},
  publisher = {Springer},
}

@Article{akaike1970statistical,
  author    = {Akaike, Hirotugu},
  journal   = {Annals of the Institute of Statistical Mathematics},
  title     = {Statistical predictor identification},
  year      = {1970},
  pages     = {203--217},
  volume    = {22},
  publisher = {Springer},
}

@Comment{jabref-meta: databaseType:bibtex;}
